<record><leader>00000cas a2200000 a 4500</leader><controlfield tag="001">35780933</controlfield><controlfield tag="008">961023c19709999miuwr ne      0    0eng c</controlfield><datafield ind1=" " ind2=" " tag="010"><subfield code="a">sn 96077192 </subfield></datafield><datafield ind1=" " ind2=" " tag="040"><subfield code="a">MHN</subfield><subfield code="b">eng</subfield><subfield code="c">MHN</subfield><subfield code="d">OCL</subfield><subfield code="d">OCLCQ</subfield><subfield code="d">OCLCO</subfield></datafield><datafield ind1="1" ind2=" " tag="029"><subfield code="a">AU@</subfield><subfield code="b">000012911103</subfield></datafield><datafield ind1=" " ind2=" " tag="042"><subfield code="a">pcc</subfield></datafield><datafield ind1=" " ind2=" " tag="043"><subfield code="a">n-us-mi</subfield></datafield><datafield ind1="0" ind2="4" tag="245"><subfield code="a">The Leslie local independent and Leslie local Republican.</subfield></datafield><datafield ind1="1" ind2="7" tag="246"><subfield code="a">Leslie local independent</subfield></datafield><datafield ind1=" " ind2=" " tag="260"><subfield code="a">Leslie, Mich. :</subfield><subfield code="b">James W. Swartz, Jr., Sally Derrickson Swartz</subfield></datafield><datafield ind1=" " ind2=" " tag="300"><subfield code="a">v.</subfield></datafield><datafield ind1=" " ind2=" " tag="310"><subfield code="a">Weekly</subfield></datafield><datafield ind1="0" ind2=" " tag="362"><subfield code="a">100th yr., vol. no. 33 (Jan. 7, 1970)-</subfield></datafield><datafield ind1=" " ind2="0" tag="651"><subfield code="a">Leslie (Mich.)</subfield><subfield code="v">Newspapers.</subfield></datafield><datafield ind1=" " ind2="0" tag="651"><subfield code="a">Ingham County (Mich.)</subfield><subfield code="v">Newspapers.</subfield></datafield><datafield ind1=" " ind2=" " tag="752"><subfield code="a">United States</subfield><subfield code="b">Michigan</subfield><subfield code="c">Ingham</subfield><subfield code="d">Leslie.</subfield></datafield><datafield ind1="0" ind2="0" tag="780"><subfield code="t">Leslie local-Republican news &amp; shopper</subfield><subfield code="w">(DLC)sn 96077191</subfield><subfield code="w">(OCoLC)35776569</subfield></datafield></record>